<?xml version="1.0" encoding="UTF-8"?>
<record xmlns="http://www.loc.gov/MARC21/slim" xmlns:xsi="http://www.w3.org/2001/XMLSchema-instance" xsi:schemaLocation="http://www.loc.gov/MARC21/slim http://www.loc.gov/standards/marcxml/schema/MARC21slim.xsd">
<leader>     cam a2200229ua 4500</leader>
<controlfield tag="001">000798762</controlfield>
<controlfield tag="003">NNU</controlfield>
<controlfield tag="005">20021021113602.0</controlfield>
<controlfield tag="008">951214s1987    ir h     b    000 0 ara d</controlfield>
<datafield tag="035" ind1="9" ind2=" ">
<subfield code="a">NYUb12601538</subfield>
</datafield>
<datafield tag="035" ind1=" " ind2=" ">
<subfield code="a">(NjP)notisCBZ9986</subfield>
</datafield>
<datafield tag="035" ind1=" " ind2=" ">
<subfield code="a">(CStRLIN)NJPG95-B78701</subfield>
</datafield>
<datafield tag="040" ind1=" " ind2=" ">
<subfield code="d">NjP</subfield>
</datafield>
<datafield tag="100" ind1="1" ind2=" ">
<subfield code="a">Mudarris, Ḥasan,</subfield>
<subfield code="d">1870 or 71-1937.</subfield>
</datafield>
<datafield tag="245" ind1="1" ind2="3">
<subfield code="a">al-Rasāʼil al-fiqhīyah /</subfield>
<subfield code="c">[taʼlīf Ḥasan al-Mudarris ; taḥqīq Abū al-Faḍl al-Shakūrī]</subfield>
</datafield>
<datafield tag="250" ind1=" " ind2=" ">
<subfield code="a">al-Ṭabʻah 1.</subfield>
</datafield>
<datafield tag="260" ind1=" " ind2=" ">
<subfield code="a">[Qom?] :</subfield>
<subfield code="b">Lajnat Takrīm al-Dhikrá al-Sanawīyah al-Khamsīn li-Shahādat Āyat Allāh al-Sayyid Ḥasan al-Mudarris,</subfield>
<subfield code="c">1408 [1987 or 1988]</subfield>
</datafield>
<datafield tag="300" ind1=" " ind2=" ">
<subfield code="a">119 p. :</subfield>
<subfield code="b">facsims. ;</subfield>
<subfield code="c">25 cm.</subfield>
</datafield>
<datafield tag="504" ind1=" " ind2=" ">
<subfield code="a">Includes bibliographical references.</subfield>
</datafield>
<datafield tag="650" ind1=" " ind2="0">
<subfield code="a">Islamic law.</subfield>
</datafield>
<datafield tag="700" ind1="1" ind2=" ">
<subfield code="a">Shakūrī, Abū al-Faz̤l.</subfield>
</datafield>
<datafield tag="OWN" ind1=" " ind2=" ">
<subfield code="a">GENERAL</subfield>
</datafield>
<datafield tag="998" ind1=" " ind2=" ">
<subfield code="s">9118</subfield>
</datafield>
<datafield tag="950" ind1=" " ind2=" ">
<subfield code="a">KBL</subfield>
<subfield code="b">.M823 1987</subfield>
</datafield>
<datafield tag="AVA" ind1=" " ind2=" ">
<subfield code="a">NYU50</subfield>
<subfield code="b">BOBST</subfield>
<subfield code="c">Main Collection</subfield>
<subfield code="d">BP145 .M83 1987</subfield>
<subfield code="e">unavailable</subfield>
<subfield code="t">Unavailable</subfield>
<subfield code="f">1</subfield>
<subfield code="g">1</subfield>
<subfield code="h">N</subfield>
<subfield code="i">0</subfield>
<subfield code="j">MAIN</subfield>
<subfield code="k">0</subfield>
</datafield>
</record>
